<?xml version="1.0" encoding="UTF-8"?><record xmlns="http://www.loc.gov/MARC21/slim" xmlns:cinclude="http://apache.org/cocoon/include/1.0" xmlns:zs="http://www.loc.gov/zing/srw/">
  <leader>00605nz  a2200169n  4500</leader>
  <controlfield tag="001">no2013006643</controlfield>
  <controlfield tag="003">DLC</controlfield>
  <controlfield tag="005">20130120075021.0</controlfield>
  <controlfield tag="008">130117n| acannaabn          |a aaa     c</controlfield>
  <datafield tag="010" ind1=" " ind2=" ">
    <subfield code="a">no2013006643</subfield>
  </datafield>
  <datafield tag="035" ind1=" " ind2=" ">
    <subfield code="a">(OCoLC)oca09386455</subfield>
  </datafield>
  <datafield tag="040" ind1=" " ind2=" ">
    <subfield code="a">IEN</subfield>
    <subfield code="b">eng</subfield>
    <subfield code="c">IEN</subfield>
  </datafield>
  <datafield tag="100" ind1="1" ind2=" ">
    <subfield code="a">Burton, George Eric</subfield>
  </datafield>
  <datafield tag="400" ind1="1" ind2=" ">
    <subfield code="a">Burton, Eric</subfield>
    <subfield code="q">(George Eric)</subfield>
  </datafield>
  <datafield tag="400" ind1="1" ind2=" ">
    <subfield code="a">Burton, G. E.</subfield>
    <subfield code="q">(George Eric)</subfield>
  </datafield>
  <datafield tag="670" ind1=" " ind2=" ">
    <subfield code="a">Madagascar scrapbook of programme suggestions, 1954?:</subfield>
    <subfield code="b">p. 2 (Rev. Eric Burton's book, The waiting isle; Mr. Burton) p. 5 (Eric Burton)</subfield>
  </datafield>
  <datafield tag="670" ind1=" " ind2=" ">
    <subfield code="a">OCLC, Jan. 17, 2013</subfield>
    <subfield code="b">(hdg.: Burton, George Eric; usage: G. E. Burton)</subfield>
  </datafield>
</record>